@article{2020Integrating,
  title={Integrating human brain proteomes and genome©wide association results implicates new genes in Alzheimer's disease: Functionalizing genetic variants in Alzheimer's disease},
  author={ Wingo, A. P.  and  Liu, Y.  and  Gockley, J.  and  Logsdon, B. A.  and  Wingo, T. S. },
  journal={Alzheimer's and Dementia},
  volume={16},
  number={S3},
  year={2020},
}

@article{2020Structural,
  title={Structural basis of ¦Ã-secretase inhibition and modulation by small molecule drugs},
  author={ Yang, G.  and  Zhou, R.  and  Guo, X.  and  Yan, C.  and  Shi, Y. },
  journal={Cell},
  volume={184},
  number={2},
  year={2020},
}

@article{2021Pharmacological,
  title={Pharmacological inhibition of asparaginyl endopeptidase by ¦Ä-secretase inhibitor 11 mitigates Alzheimer's disease-related pathologies in a senescence-accelerated mouse model},
  author={ Wang, J.  and  Hu, H. J.  and  Liu, Z. K.  and  Liu, J. J.  and  Song, M. },
  journal={Translational Neurodegeneration},
  volume={10},
  number={1},
  year={2021},
}

@article{2015pubmed,
  title={pubmed.mineR: An R package with text-mining algorithms to analyse PubMed abstracts},
  author={ Rani, J.  and  Shah, A. R.  and  Ramachandran, S. },
  journal={Journal of Biosciences},
  volume={40},
  number={4},
  pages={671},
  year={2015},
}